@article{Gallego2020Survey,
  author  = {Guillermo Gallego and Tobi Delbr{\"u}ck and Garrick Orchard and Chiara Bartolozzi and Brian Taba and Andrea Censi and Stefan Leutenegger and Davide Scaramuzza},
  title   = {Event-Based Vision: A Survey},
  journal = {International Journal of Computer Vision},
  volume  = {128},
  pages   = {241--311},
  year    = {2020},
  doi     = {10.1007/s11263-019-01265-9}
}

@article{Lichtsteiner2008DVS,
  author  = {Patrick Lichtsteiner and Christoph Posch and Tobi Delbruck},
  title   = {A 128{\texttimes}128 120 dB 15 $\mu$s Latency Asynchronous Temporal Contrast Vision Sensor},
  journal = {IEEE Journal of Solid-State Circuits},
  volume  = {43},
  number  = {2},
  pages   = {566--576},
  year    = {2008},
  doi     = {10.1109/JSSC.2007.914337}
}

@article{Brandli2014DAVIS,
  author  = {Christian Brandli and Raphael Berner and Minhao Yang and Shih-Chii Liu and Tobi Delbruck},
  title   = {A 240{\texttimes}180 130 dB 3 $\mu$s Latency Global Shutter Spatiotemporal Vision Sensor},
  journal = {IEEE Journal of Solid-State Circuits},
  volume  = {49},
  number  = {10},
  pages   = {2333--2341},
  year    = {2014},
  doi     = {10.1109/JSSC.2014.2342715}
}

@article{Posch2014Retinomorphic,
  author  = {Christoph Posch and Teresa Serrano-Gotarredona and Bernab{\'e} Linares-Barranco and Tobi Delbruck},
  title   = {Retinomorphic Event-Based Vision Sensors: Bioinspired Cameras With Spiking Output},
  journal = {Proceedings of the IEEE},
  volume  = {102},
  number  = {10},
  pages   = {1470--1484},
  year    = {2014},
  doi     = {10.1109/JPROC.2014.2346155}
}

@inproceedings{Bardow2016SOFIE,
  author    = {Patrick Bardow and Andrew J. Davison and Stefan Leutenegger},
  title     = {Simultaneous Optical Flow and Intensity Estimation from an Event Camera},
  booktitle = {Proceedings of the IEEE Conference on Computer Vision and Pattern Recognition (CVPR)},
  pages     = {884--892},
  year      = {2016},
  doi       = {10.1109/CVPR.2016.102}
}

@article{Gallego2017Angular,
  author  = {Guillermo Gallego and Davide Scaramuzza},
  title   = {Accurate Angular Velocity Estimation with an Event Camera},
  journal = {IEEE Robotics and Automation Letters},
  volume  = {2},
  number  = {2},
  pages   = {632--639},
  year    = {2017},
  doi     = {10.1109/LRA.2016.2647639}
}

@inproceedings{Gallego2018CMax,
  author    = {Guillermo Gallego and Henri Rebecq and Davide Scaramuzza},
  title     = {A Unifying Contrast Maximization Framework for Event Cameras, with Applications to Motion, Depth, and Optical Flow Estimation},
  booktitle = {Proceedings of the IEEE Conference on Computer Vision and Pattern Recognition (CVPR)},
  pages     = {3867--3876},
  year      = {2018}
}

@inproceedings{Zhu2018FlowNet,
  author    = {Alex Zihao Zhu and Liangzhe Yuan and Kenneth Chaney and Kostas Daniilidis},
  title     = {EV-FlowNet: Self-Supervised Optical Flow Estimation for Event-Based Cameras},
  booktitle = {Proceedings of the IEEE/CVF Conference on Computer Vision and Pattern Recognition Workshops (CVPRW)},
  year      = {2018}
}

@inproceedings{Zhu2019Unsupervised,
  author    = {Alex Zihao Zhu and Liangzhe Yuan and Kenneth Chaney and Kostas Daniilidis},
  title     = {Unsupervised Event-Based Learning of Optical Flow, Depth, and Egomotion},
  booktitle = {Proceedings of the IEEE/CVF Conference on Computer Vision and Pattern Recognition (CVPR)},
  pages     = {989--997},
  year      = {2019}
}

@inproceedings{Stoffregen2019Segmentation,
  author    = {Timo Stoffregen and Guillermo Gallego and Tom Drummond and Lindsay Kleeman and Davide Scaramuzza},
  title     = {Event-Based Motion Segmentation by Motion Compensation},
  booktitle = {Proceedings of the IEEE/CVF International Conference on Computer Vision (ICCV)},
  pages     = {7244--7253},
  year      = {2019},
  doi       = {10.1109/ICCV.2019.00735}
}

@inproceedings{Rebecq2017EVO,
  author    = {Henri Rebecq and Timo Horstsch{\"a}fer and Guillermo Gallego and Davide Scaramuzza},
  title     = {EVO: A Geometric Approach to Event-Based 6-DOF Parallel Tracking and Mapping in Real Time},
  booktitle = {Proceedings of the British Machine Vision Conference (BMVC)},
  year      = {2017}
}

@inproceedings{Rebecq2019E2VID,
  author    = {Henri Rebecq and Ren{\'e} Ranftl and Vladlen Koltun and Davide Scaramuzza},
  title     = {Events-to-Video: Bringing Modern Computer Vision to Event Cameras},
  booktitle = {Proceedings of the IEEE/CVF Conference on Computer Vision and Pattern Recognition (CVPR)},
  pages     = {3857--3866},
  year      = {2019}
}

@article{Xu2020TCI,
  author  = {Yizhou Xu and Meng Jiang and Lei Yu and Wen Yang and Wenwei Wang},
  title   = {Robust Motion Compensation for Event Cameras with Smooth Constraint},
  journal = {IEEE Transactions on Computational Imaging},
  volume  = {6},
  pages   = {604--614},
  year    = {2020},
  doi     = {10.1109/TCI.2020.2964255}
}

@article{Benosman2014Epipolar,
  author  = {Ryad B. Benosman and Sio-Hoi Ieng and Chenni Clercq and Chiara Bartolozzi and Manuela R. D. R{\'u}a},
  title   = {Asynchronous Event-Based Hebbian Epipolar Geometry},
  journal = {IEEE Transactions on Neural Networks and Learning Systems},
  volume  = {25},
  number  = {2},
  pages   = {258--270},
  year    = {2014},
  doi     = {10.1109/TNNLS.2013.2269641}
}

@incollection{Delbruck2020Handbook,
  author    = {Tobi Delbr{\"u}ck and others},
  title     = {Neuromorphic Event-Based Vision},
  booktitle = {Handbook of Neuroengineering},
  publisher = {Springer},
  year      = {2020},
  note      = {Sensor characteristics and processing considerations}
}

@inproceedings{Finateu2020ISSCC,
  author    = {Thomas Finateu and Alberto Niwa and others},
  title     = {A 1280$\times$720 Back-Illuminated Stacked Temporal Contrast Event-Based Vision Sensor With 4.86 $\mu$m Pixels, 1.066 GEPS, and 2.66 nW/Pixel},
  booktitle = {IEEE International Solid-State Circuits Conference (ISSCC)},
  pages     = {112--114},
  year      = {2020},
  doi       = {10.1109/ISSCC19947.2020.9063099}
}

@inproceedings{Maqueda2018Steering,
  author    = {Ana I. Maqueda and Antonio Loquercio and Guillermo Gallego and Narciso Garc{\'i}a and Davide Scaramuzza},
  title     = {Event-Based Vision Meets Deep Learning on Steering Prediction for Self-Driving Cars},
  booktitle = {Proceedings of the IEEE/CVF Conference on Computer Vision and Pattern Recognition (CVPR)},
  pages     = {5419--5427},
  year      = {2018},
  doi       = {10.1109/CVPR.2018.00568}
}

@article{Niu2024TRO,
  author  = {Yiming Niu and others},
  title   = {Stereo Event Visualâ€“Inertial Odometry: Tightly Coupled Estimation with Contrast Maximization},
  journal = {IEEE Transactions on Robotics},
  year    = {2024}
}

@article{Guo2024TRO,
  author  = {Zijian Guo and Guillermo Gallego},
  title   = {Rotation-Only Bundle Adjustment with Contrast Maximization for Event Cameras},
  journal = {IEEE Transactions on Robotics},
  year    = {2024}
}

@article{Hosoya2005RetinaPC,
  author  = {Toshihiko Hosoya and Stephen A. Baccus and Markus Meister},
  title   = {Dynamic Predictive Coding by the Retina},
  journal = {Nature},
  volume  = {436},
  number  = {7047},
  pages   = {71--77},
  year    = {2005},
  doi     = {10.1038/nature03689}
}

@article{Rao1999V1PC,
  author  = {Rajesh P. N. Rao and Dana H. Ballard},
  title   = {Predictive Coding in the Visual Cortex: A Functional Interpretation of Some Extra-Classical Receptive-Field Effects},
  journal = {Nature Neuroscience},
  volume  = {2},
  number  = {1},
  pages   = {79--87},
  year    = {1999},
  doi     = {10.1038/4580}
}

@article{Gallego2022TPAMI,
  author  = {Guillermo Gallego and Tobi Delbr{"u}ck and Garrick Orchard and Chiara Bartolozzi and Brian Taba and Andrea Censi and Stefan Leutenegger and Andrew J. Davison and Jorg Conradt and Kostas Daniilidis and Davide Scaramuzza},
  title   = {Event-Based Vision: A Survey},
  journal = {IEEE Transactions on Pattern Analysis and Machine Intelligence},
  volume  = {44},
  number  = {1},
  pages   = {154--180},
  year    = {2022},
  doi     = {10.1109/TPAMI.2020.3008413}
}

@inproceedings{Delbruck2014ISCAS,
  author    = {T. Delbruck and V. Villanueva and L. Longinotti},
  title     = {Integration of Dynamic Vision Sensor with Inertial Measurement Unit for Electronically Stabilized Event-Based Vision},
  booktitle = {2014 IEEE International Symposium on Circuits and Systems (ISCAS)},
  pages     = {2636--2639},
  year      = {2014},
  doi       = {10.1109/ISCAS.2014.6865714}
}

@phdthesis{Scheerlinck2021Thesis,
  author = {Cedric Scheerlinck},
  title  = {Low-Light Vision With Event Cameras: Theory and Applications},
  school = {The Australian National University},
  year   = {2021}
}

@phdthesis{Wang2025Thesis,
  author = {Ziwei Wang},
  title  = {Seeing Through Space and Time: Asynchronous Models and Applications for Event Cameras},
  school = {The Australian National University},
  year   = {2025}
}
