My Library/My Library.bib/My Library.bib.bib